<?xml version="1.0" encoding="UTF-8"?><collection xmlns="http://www.loc.gov/MARC21/slim"><record><leader>00577nam--2200181-i-4500</leader><controlfield tag="001">000011910</controlfield><controlfield tag="002">20161230</controlfield><controlfield tag="005">20161230201029</controlfield><controlfield tag="008">060222s1000------------r-----000-0-fre-d</controlfield><datafield ind1=" " ind2=" " tag="040"><subfield code="a">IFIN-HH</subfield></datafield><datafield ind1=" " ind2=" " tag="041"><subfield code="a">fre</subfield></datafield><datafield ind1=" " ind2=" " tag="080"><subfield code="a">535.41(043):535.51</subfield></datafield><datafield ind1="1" ind2=" " tag="100"><subfield code="a">Bazelaire, Eric De</subfield></datafield><datafield ind1="1" ind2="0" tag="245"><subfield code="a">Contribution a l'etude de la polaristie on et de la coherence temporelle en interferometrie. representation des phenomenes-applications</subfield><subfield code="b">These</subfield><subfield code="c">Eric de bazelaire</subfield></datafield><datafield ind1=" " ind2=" " tag="260"><subfield code="a">Paris</subfield><subfield code="b">Universite Paris Vi</subfield><subfield code="c">1974</subfield></datafield><datafield ind1=" " ind2=" " tag="300"><subfield code="a">116 P</subfield></datafield><datafield ind1=" " ind2=" " tag="852"><subfield code="a">44117</subfield><subfield code="c">535</subfield></datafield><datafield ind1=" " ind2=" " tag="CAT"><subfield code="a">Sys</subfield><subfield code="c">20110125</subfield><subfield code="h">095538</subfield></datafield></record></collection>